@Book{carnaticindia,
author = {Carnatic India},
title = {Carnatic India},
month = April,
year = {2014},
url = {http://www.carnaticindia.com/}
}

@Book{vlab-site,
author = {Consortium of Universities},
title = {Virtual Labs},
month = April,
year = {2014},
url = {http://www.vlab.co.in/}
}


@Book{smithsonian,
author = {Smithsonian Institution},
title = {Smithsonian Folkways},
month = April,
year = {2014},
url = {http://www.folkways.si.edu/}
}


@Book{shivkumar,
author = {Shivkumar},
title = {Carnatic Music Krithi Audio Archive},
month = April,
year = {2014},
url = {http://www.shivkumar.org/music/}
}


@Book{IMSLP-petrucci,
author = {Crowdsourced},
title = {Petrucci Music Library},
month = April,
year = {2014},
url = {http://imslp.org/}
}


@Book{parrikar,
author = {Rajan Parrikar},
title = {Rajan Parrikar Music Archive},
month = April,
year = {2014},
url = {http://www.parrikar.org/}
}

@Book{swarganga,
author = {Swarganga},
title = {Swarganga Music Resource},
month = April,
year = {2014},
url = {http://www.swarganga.org/}
}

@Book{parrikar,
author = {Rajan Parrikar},
title = {Rajan Parrikar Music Archive},
month = April,
year = {2014},
url = {http://www.parrikar.org/}
}

@Book{sra,
author = {ITC-SRA},
title = {ITC Sangeet Research Academy},
month = April,
year = {2014},
url = {http://www.itcsra.org/}
}

@Book{deepakraja,
author = {Deepak Raja},
title = {Deepak Raja's World of Hindustani Music},
month = April,
year = {2014},
url = {http://swaratala.blogspot.in/}
}

@Book{ncpa,
author = {van der Meer, W and Rao, S},
title = {Music in Motion},
month = April,
year = {2014},
url = {http://autrimncpa.wordpress.com/}
}

@book{neuman,
  title={The life of music in North India: The organization of an artistic tradition},
  author={Neuman, Daniel M},
  year={1990},
  publisher={University of Chicago Press}
}

@book{mansions,
  title={New mansions for music: Performance, pedagogy and criticism},
  author={Subramanian, Lakshmi},
  year={2008},
  publisher={Berghahn Books}
}

@book{jairazbhoy,
  title={The r{\=a}gs of North Indian music: their structure and evolution},
  author={Jairazbhoy, Nazir Ali},
  year={1995},
  publisher={Popular Prakashan}
}

@book{bhatkhande,
  title={Hindustani sangeet paddhati},
  author={Bhatkhande, Vishnu Narayan},
  volume={1},
  year={1990}
}

@book{ragaguide,
  title={The raga guide: a survey of 74 hindustani ragas},
  author={Rao, Suvarnalata and Bor, Joep and van der Meer, Wim and Harvey, Jane},
  year={1999},
  publisher={Nimbus Records with Rotterdam Conservatory of Music}
}

@book{kauffman,
  title={The ragas of hindustani music},
  author={Kauffman, Walter},
  year={1999},
  publisher={Nimbus Records with Rotterdam Conservatory of Music}
}

@article{bcdeva,
  title={The music of India: A scientific study},
  author={Deva, B Chaitanya},
  journal={Munshi Ram Manoharlal, Delhi},
  year={1980}
}

@book{bakhle,
  title={Two men and music},
  author={Bakhle, Janaki},
  year={2006},
  publisher={Orient Blackswan}
}
